@misc{googleai-overview,
  title  = {What is Artificial Intelligence (AI)?},
  author = {{Google Cloud}},
  url    = {https://cloud.google.com/learn/what-is-artificial-intelligence},
  note   = {Accessed: 2025-04-07}
}

@misc{tableauhistory,
  title  = {The History of AI: How Artificial Intelligence Evolved},
  author = {{Tableau Software}},
  url    = {https://www.tableau.com/data-insights/ai/history},
  note   = {Accessed: 2025-04-07},
  year   = {2024},
}

@misc{googleai-applications,
  title  = {What are AI applications?},
  author = {{Google Cloud}},
  url    = {https://cloud.google.com/discover/ai-applications},
  note   = {Accessed: 2025-04-07}
}

@misc{unknown,
  author = {Singh Channe, Parmeet},
  year   = {2024},
  month  = {08},
  pages  = {},
  title  = {The Impact of AI on Economic Forecasting and Policy-Making: Opportunities and Challenges for Future Economic Stability and Growth},
  doi    = {10.13140/RG.2.2.24945.70249}
}

@misc{fastercapital2024,
  author = {{FasterCapital}},
  title  = {Traditional Forecasting Methods and Their Limitations},
  url    = {https://fastercapital.com/topics/traditional-forecasting-methods-and-their-limitations.html},
  year   = {2024},
  note   = {Accessed: 2025-04-07}
}

@article{Benoit2024-el,
  title     = {{AI} and data science for public policy},
  author    = {Benoit, Kenneth},
  journal   = {LSE Public Policy Rev.},
  publisher = {LSE Press},
  volume    = 3,
  number    = 3,
  month     = nov,
  year      = 2024,
  language  = {en}
}

@misc{BCG,
  author       = {Littig, Lars},
  title        = {AI Brings Science to the Art of Policymaking},
  year         = {2023},
  howpublished = {\url{https://www.bcg.com/publications/2021/how-artificial-intelligence-can-shape-policy-making}},
  note         = {Accessed: 2025-04-07}
}

@misc{HarishParuchuri,
  author       = {Parchuri, Harish},
  title        = {Conceptualization of Machine Learning in Economic Forecasting},
  year         = {2023},
  howpublished = {\url{https://doi.org/10.18034/abr.v11i1.532}},
  note         = {Accessed: 2025-04-09}
}

@article{Varian2014-ez,
  title        = {Big data: New tricks for econometrics},
  author       = {Varian, Hal R},
  journal      = {J. Econ. Perspect.},
  publisher    = {American Economic Association},
  howpublished = {\url{http://dx.doi.org/10.1257/jep.28.2.3}},
  volume       = 28,
  number       = 2,
  month        = may,
  year         = 2014,
  language     = {en},
  pagenumbers = {3--28},
}

@MISC{Hsu2016-in,
  title     = {Bridging the divide in financial market forecasting: machine
               learners vs. financial economists},
  author    = {Hsu, Ming-Wei and Lessmann, Stefan and Sung, Ming-Chien and Ma,
               Tiejun and Johnson, Johnnie E V},
  journal   = {Expert Syst. Appl.},
  publisher = {Elsevier BV},
  howpublished = {\url{https://doi.org/10.1016/j.eswa.2016.06.020}},
  volume    = 61,
  pages     = {215--234},
  month     = nov,
  year      = 2016
}

@MISC{Chernysh2024-vg,
  title     = "The role of Artificial Intelligence in financial analysis and
               forecasting: Using data and algorithms",
  author    = "Chernysh, Olha and Smishko, Oleksandr and Koverninska, Yuliia
               and Prokopenko, Mykola and Pistunov, Ihor",
  journal   = "Data and Metadata",
  howpublished = {\url{https://doi.org/10.3390/data9080101}},
  publisher = "AG Editor (Argentina)",
  volume    =  3,
  month     =  dec,
  year      =  2024
}

@ARTICLE{Richardson2021-os,
  title     = "Nowcasting {GDP} using machine-learning algorithms: A real-time
               assessment",
  author    = "Richardson, Adam and van Florenstein Mulder, Thomas and Vehbi,
               Tu{\u g}rul",
  journal   = "Int. J. Forecast.",
  publisher = "Elsevier BV",
  volume    =  37,
  number    =  2,
  pages     = "941--948",
  month     =  apr,
  year      =  2021,
  language  = "en"
}

@misc{SaurabhGhosh-AbhishekRanjan,
  author       = {Ghosh, Saurabh and Ranjan, Abhishek},
  title        = {Machine Learning in Economics: A Review of the Literature and Future Directions},
  year         = {2023},
  howpublished = {\url{https://doi.org/10.21098/bemp.v26i0.2455}},
  note         = {Accessed: 2025-04-09}
}

@ARTICLE{Yusuf2025-pc,
  title     = "Machine learning and econometrics: Bridging the gap for enhanced
               economic analysis",
  author    = "Yusuf, Jamiu Adeniyi and Idris, Abdulkadri and Akinlolu, Azeez
               Olawale",
  journal   = "Al-Ghary Jour. Eco. Admini. Sci.",
  publisher = "University of Kufa",
  volume    =  21,
  number    =  1,
  pages     = "55--86",
  month     =  mar,
  year      =  2025
}